<record><leader>00000cas a22000007a 4500</leader><controlfield tag="001">13991033</controlfield><controlfield tag="008">860731d18551861vaudr ne      0    0eng  </controlfield><controlfield tag="009">466</controlfield><datafield ind1=" " ind2=" " tag="010"><subfield code="a">sn 86071768 </subfield></datafield><datafield ind1=" " ind2=" " tag="040"><subfield code="a">DLC</subfield><subfield code="b">eng</subfield><subfield code="c">DLC</subfield><subfield code="d">MGN</subfield><subfield code="d">NVK</subfield><subfield code="d">CRL</subfield><subfield code="d">OCLCO</subfield><subfield code="d">OCLCF</subfield></datafield><datafield ind1="1" ind2=" " tag="029"><subfield code="a">AU@</subfield><subfield code="b">000020104433</subfield></datafield><datafield ind1=" " ind2=" " tag="042"><subfield code="a">msc</subfield></datafield><datafield ind1=" " ind2=" " tag="043"><subfield code="a">n-us-va</subfield></datafield><datafield ind1="0" ind2="0" tag="050"><subfield code="a">Newspaper 10074</subfield></datafield><datafield ind1="0" ind2=" " tag="130"><subfield code="a">Southern Argus (Norfolk, Va. : 1855 : Daily)</subfield></datafield><datafield ind1="0" ind2="4" tag="245"><subfield code="a">The Southern Argus.</subfield></datafield><datafield ind1="1" ind2="3" tag="246"><subfield code="a">Daily Southern Argus</subfield></datafield><datafield ind1=" " ind2=" " tag="250"><subfield code="a">[Daily ed.]</subfield></datafield><datafield ind1=" " ind2=" " tag="260"><subfield code="a">Norfolk, Va. :</subfield><subfield code="b">A.F. Leonard,</subfield><subfield code="c">1855-</subfield></datafield><datafield ind1=" " ind2=" " tag="300"><subfield code="a">v. :</subfield><subfield code="b">ill. ;</subfield><subfield code="c">60 cm.</subfield></datafield><datafield ind1=" " ind2=" " tag="310"><subfield code="a">Daily</subfield></datafield><datafield ind1="0" ind2=" " tag="362"><subfield code="a">Vol. 8, no. 203 (Sept. 6, 1855)-</subfield></datafield><datafield ind1="1" ind2=" " tag="362"><subfield code="a">Ceased Aug. 2, 1861.</subfield><subfield code="z">Cf. Cappon, L.J.  Va. newspapers.</subfield></datafield><datafield ind1=" " ind2=" " tag="500"><subfield code="a">"Government without oppression. Liberty without anarchy."</subfield></datafield><datafield ind1=" " ind2=" " tag="515"><subfield code="a">Suspended with Sept. 7, 1855 issue; resumed with Oct. 15, 1855 issue.</subfield></datafield><datafield ind1=" " ind2=" " tag="530"><subfield code="a">Available in microfilm from Micro Photo Div., Bell and Howell.</subfield></datafield><datafield ind1=" " ind2=" " tag="580"><subfield code="a">Triweekly ed. of Southern Argus includes previous day's date on the last page of each issue and not on daily ed.; and numbering varies slightly.</subfield></datafield><datafield ind1=" " ind2="0" tag="651"><subfield code="a">Norfolk (Va.)</subfield><subfield code="v">Newspapers.</subfield></datafield><datafield ind1=" " ind2="7" tag="655"><subfield code="a">Newspapers.</subfield><subfield code="2">fast</subfield><subfield code="0">(OCoLC)fst01423814</subfield></datafield><datafield ind1=" " ind2="7" tag="651"><subfield code="a">Virginia</subfield><subfield code="z">Norfolk.</subfield><subfield code="2">fast</subfield><subfield code="0">(OCoLC)fst01206844</subfield></datafield><datafield ind1=" " ind2=" " tag="752"><subfield code="a">United States</subfield><subfield code="b">Virginia</subfield><subfield code="d">Norfolk.</subfield></datafield><datafield ind1="1" ind2=" " tag="775"><subfield code="t">Southern Argus (Norfolk, Va. : 1848 : Triweekly)</subfield><subfield code="w">(DLC)sn 99066727</subfield><subfield code="w">(OCoLC)41165363</subfield></datafield><datafield ind1="0" ind2=" " tag="775"><subfield code="t">Weekly Southern Argus</subfield><subfield code="w">(DLC)sn 96094009</subfield><subfield code="w">(OCoLC)34199724</subfield></datafield><datafield ind1="0" ind2="0" tag="780"><subfield code="t">Daily Southern Argus</subfield><subfield code="w">(DLC)sn 85025707</subfield><subfield code="w">(OCoLC)11883060</subfield></datafield><datafield ind1=" " ind2=" " tag="936"><subfield code="a">Vol. 15, no. 303 (Dec. 19, 1860) LIC</subfield></datafield></record>